@Techreport{python,
title={Python tutorial},
author={G. van Rossum},
number={CS-R9526},
institution={Centrum voor Wiskunde en Informatica (CWI)},
year={1995},
address={Amsterdam},
month={May}
}

@misc{wavefrontOBJ,
author={Aspose Pty Ltd.},
title="{OBJ File Format}",
howpublished={\url{https://docs.fileformat.com/3d/obj/}},
year={2021}
}

@misc{darksouls,
author="{Steamforged Games Ltd.}",
title="{Dark Souls: The Board Game}",
howpublished={\url{https://steamforged.com/products/dark-souls-the-board-game/}},
year={2018}
}

@misc{axisnallies,
author="{Avalon Hill}",
title="{Axis and Allies}",
howpublished={\url{https://https://www.axisandallies.org/}},
year={2021}
}

@misc{dnd,
author="{Wizards of the Coast}",
title="{Dungeons and Dragons}",
howpublished={\url{https://dnd.wizards.com/}},
year={2021}
}

@article{boxmuller,
author="{Box, G. E. P.; Muller, Mervin E.}",
title={ A Note on the Generation of Random Normal Deviates},
journal={The Annals of Mathematical Statistics},
year={1958},
pages={610--611},
volume={29}
}

@article{harris2020array,
title={Array programming with {NumPy}},
author={Charles R. Harris and K. Jarrod Millman and St{\'{e}}fan J.
van der Walt and Ralf Gommers and Pauli Virtanen and David
Cournapeau and Eric Wieser and Julian Taylor and Sebastian
Berg and Nathaniel J. Smith and Robert Kern and Matti Picus
and Stephan Hoyer and Marten H. van Kerkwijk and Matthew
Brett and Allan Haldane and Jaime Fern{\'{a}}ndez del
R{\'{i}}o and Mark Wiebe and Pearu Peterson and Pierre
G{\'{e}}rard-Marchant and Kevin Sheppard and Tyler Reddy and
Warren Weckesser and Hameer Abbasi and Christoph Gohlke and
Travis E. Oliphant},
year={2020},
month=sep,
journal={Nature},
volume={585},
number={7825},
pages={357--362},
doi={10.1038/s41586-020-2649-2},
publisher={Springer Science and Business Media {LLC}},
url={https://doi.org/10.1038/s41586-020-2649-2}
}

@article{2020SciPy-NMeth,
author={Virtanen, Pauli and Gommers, Ralf and Oliphant, Travis E. and
Haberland, Matt and Reddy, Tyler and Cournapeau, David and
Burovski, Evgeni and Peterson, Pearu and Weckesser, Warren and
Bright, Jonathan and {van der Walt}, St{\'e}fan J. and
Brett, Matthew and Wilson, Joshua and Millman, K. Jarrod and
Mayorov, Nikolay and Nelson, Andrew R. J. and Jones, Eric and
Kern, Robert and Larson, Eric and Carey, C J and
Polat, {\.I}lhan and Feng, Yu and Moore, Eric W. and
{VanderPlas}, Jake and Laxalde, Denis and Perktold, Josef and
Cimrman, Robert and Henriksen, Ian and Quintero, E. A. and
Harris, Charles R. and Archibald, Anne M. and
Ribeiro, Ant{\^o}nio H. and Pedregosa, Fabian and
{van Mulbregt}, Paul and {SciPy 1.0 Contributors}},
title={{{SciPy} 1.0: Fundamental Algorithms for Scientific
Computing in Python}},
journal={Nature Methods},
year={2020},
volume={17},
pages={261--272},
adsurl={https://rdcu.be/b08Wh},
doi={10.1038/s41592-019-0686-2},
}